@MISC{technopedia-web-app-security-definition,
    author =       "{WWW stránky}",  
    title =        "What is Web Application Security? - Definition from Techopedia",
    howpublished=  "{\tt http://www.techopedia.com/definition/24377/web-application-security}",
	note = {cit. 2015-05-16}
}

@MISC{CI-definition,
    author =       "{WWW stránky}",  
    title =        "What is continuous integration (CI)",
    howpublished=  "{\tt http://searchsoftwarequality.techtarget.com/definition/continuous-integration}",
	note = {cit. 2015-05-16}
}

@MISC{OWASP,
    author =       "{WWW stránky}",  
    title =        "The Open Web Application Security Project",
    howpublished=  "{\tt https://www.owasp.org}",
	note = {cit. 2015-05-16}
}

% https://www.google.cz/url?sa=t&rct=j&q=&esrc=s&source=web&cd=5&ved=0CEsQFjAE&url=http%3A%2F%2Fowasptop10.googlecode.com%2Ffiles%2FOWASP%2520Top%252010%2520-%25202013.pdf&ei=wQejVA2D5VKw2ICwCw&usg=AFQjCNE2eRdIdgMK653pXC0qABRJ6Bau-Q&sig2=yttwkWyNjeE6sYUZXQ5oTA&bvm=bv.82001339,d.d24&cad=rja
@online{OWASPtop10,
    title={Top 10 2013-Top 10 - OWASP},
    url={https://www.owasp.org/index.php/Top_10_2013-Top_10},
    publisher={OWASP Foundation},
    urldate = {2015-05-16}
}

@online{AutomatedSQLi,
    title={Automated SQL Injection Detection},
    url={https://www.arneswinnen.net/2013/09/automated-sql-injection-detection/},
    publisher={Arne Swinnen},
    urldate = {2015-05-16}
}

@MISC{Arachni,
    author =       "{WWW stránky}",  
    title =        "Web Application Vulnerability Security Scanner Framework",
    howpublished=  "{\tt http://www.arachni-scanner.com}",
    note = {cit. 2015-05-16}
}

@techreport{DOM,
    author =       "W3C",  
    title =        "Web Application Vulnerability Security Scanner Framework",
    institution =  "World Wide Web Consortium",
    howpublished=  "{http://www.w3.org/DOM/}",
    year =         "2005",
    note = {cit. 2015-05-16}
}



@techreport{RPCAPI,
    author =       "Robert Thurlow",
    title =        "{RPC: Remote Procedure Call Protocol Specification Version 2}",
    howpublished = "{Internet Requests for Comments}",
    type =         "{RFC}",
    number =       5531,
    year =         {2009},
    month =        {May},
    published =    "{RFC Editor}",
    institution =  "{RFC Editor}",
    url =          {http://www.rfc-editor.org/rfc/rfc5531.txt},
    note = {cit. 2015-05-16}
}

@misc{GPLv2,
    title =         {GNU General Public License, version 2},
    howpublished =  {\tt http://www.gnu.org/licenses/gpl-2.0.html},
    year =          {1991},
    month =         {June},
    note = {cit. 2015-05-16}
}

@misc{APACHEv2,
    title =         {Apache License, Version 2.0},
    howpublished =  {\tt http://www.apache.org/licenses/LICENSE-2.0},
    year =          {2004},
    month =         {January},
    note = {cit. 2015-05-16}
}

@techreport{RESTAPI,
    author =       "Zach Shelby",
    title =        "{Constrained RESTful Environments (CoRE) Link Format}",
    howpublished = "{Internet Requests for Comments}",
    type =         "{RFC}",
    number =       6690,
    year =         {2012},
    month =        {August},
    published =    "{RFC Editor}",
    institution =  "{RFC Editor}",
    url =          {http://www.rfc-editor.org/rfc/rfc6690.txt},
    issn =         "2070-1721",
    note = {cit. 2015-05-16}
}

@techreport{JSON,
    author =       "Tim Bray",
    title =        "{The JavaScript Object Notation (JSON) Data Interchange Format}",
    howpublished = "{Internet Requests for Comments}",
    type =         "{RFC}",
    number =       7159,
    year =         {2014},
    month =        {March},
    published =    "{RFC Editor}",
    institution =  "{RFC Editor}",
    url =          {http://www.rfc-editor.org/rfc/rfc7159.txt},
    issn =         "2070-1721",
    note = {cit. 2015-05-16}
}

@MISC{w3af,
    author =       "{WWW stránky}",  
    title =        "Open Source Web Application Security Scanner",
    howpublished=  "{\tt http://w3af.org}",
    note = {cit. 2015-05-16}
}

@MISC{Wapiti,
    author =       "{WWW stránky}",  
    title =        "The web-application vulnerability scanner",
    howpublished=  "{\tt http://wapiti.sourceforge.net}",
    note = {cit. 2015-05-16}
}

@MISC{Revok,
    author =       "{WWW stránky}",  
    title =        "Revok",
    howpublished=  {\tt https://github.com/Revok-scanner/revok},
    note = {cit. 2015-05-16}
}

@MISC{WAVSEP,
    author =       "{WWW stránky}",  
    title =        "Web Application Vulnerability Scanner Evaluation Project",
    howpublished=  {\tt https://code.google.com/p/wavsep},
    note = {cit. 2015-05-16}
}

@MISC{WIVET,
    author =       "{WWW stránky}",  
    title =        "Web Input Vector Extractor Teaser",
    howpublished=  "{\tt https://github.com/bedirhan/wivet}",
    note = {cit. 2015-05-16}
}

@MISC{ZAP,
    author =       "{WWW stránky}",  
    title =        "OWASP Zed Attack Proxy Project",
    howpublished=  "{\tt https://www.owasp.org/index.php/OWASP\_Zed\_Attack\_Proxy\_Project}",
    note = {cit. 2015-05-16}
}

@MISC{TOMCAT,
    author =       "{WWW stránky}",  
    title =        "Apache Tomcat",
    howpublished=  "{\tt http://tomcat.apache.org/}",
    note = {cit. 2015-05-16}
}

@MISC{SQLMAP,
    author =       "{WWW stránky}",  
    title =        "SQLMap",
    howpublished=  "{\tt http://sqlmap.org/}",
    note = {cit. 2015-05-16}
}


@MISC{SQLNINJA,
    author =       "{WWW stránky}",  
    title =        "SQLNinja",
    howpublished=  "{\tt http://sqlninja.sourceforge.net/}",
    note = {cit. 2015-05-16}
}

@MISC{phantomjs,
    author =       "{WWW stránky}",  
    title =        "PhantomJS",
    howpublished=  "{\tt http://phantomjs.org/}",
    note = {cit. 2015-05-16}
}

@MISC{jquery,
    author =       "{WWW stránky}",  
    title =        "jQuery",
    howpublished=  "{\tt https://jquery.com/}",
    note = {cit. 2015-05-16}
}

@MISC{jenkins,
    author =       "{WWW stránky}",  
    title =        "Jenkins",
    howpublished=  "{\tt https://jenkins-ci.org/}",
    note = {cit. 2015-05-16}
}

@MISC{mitmdump,
    author =       "{WWW stránky}",  
    title =        "mitmdump",
    howpublished=  "{\tt https://mitmproxy.org/doc/mitmdump.html}",
    note = {cit. 2015-05-16}
}



@misc{MIT,
    title =         {MIT License},
    howpublished =  {\tt http://opensource.org/licenses/MIT},
    year =          {1988},
    note = {cit. 2015-05-16}
}

@misc{GNUAGPLv3,
    title =         {GNU Affero General Public License, version 3},
    howpublished =  {\tt http://www.gnu.org/licenses/agpl-3.0.html},
	note = {cit. 2015-05-16},
    year =          {2007},
    month =         {November},
}

@online{SQLi,
    title={SQL Injection},
    url={https://www.owasp.org/index.php/SQL_Injection},
    publisher={OWASP Foundation},
    urldate = {2015-05-16}
}

@online{XSS,
    title={Cross-site Scripting},
    url={https://www.owasp.org/index.php/XSS},
    publisher={OWASP Foundation},
    urldate = {2015-05-16}
}

@online{XSS-types,
    title={Types of Cross-Site Scripting},
    url={https://www.owasp.org/index.php/Types_of_Cross-Site_Scripting},
    publisher={OWASP Foundation},
    urldate = {2015-05-16}
}

@online{LFI,
    title={Testing for Local File Inclusion},
    url={https://www.owasp.org/index.php/Testing_for_Local_File_Inclusion},
    publisher={OWASP Foundation},
    urldate = {2015-05-16}
}

@online{Path-traversal,
    title={Path Traversal},
    url={https://www.owasp.org/index.php/Path_Traversal},
    publisher={OWASP Foundation},
    urldate = {2015-05-16}
}

@online{RFI,
    title={Testing for Remote File Inclusion},
    url={https://www.owasp.org/index.php/Testing_for_Remote_File_Inclusion},
    publisher={OWASP Foundation},
    urldate = {2015-05-16}
}

@online{zap-toolswatch,
	title="2014 Top Security Tools as Voted by ToolsWatch.org Readers",
	url={https://www.toolswatch.org/2015/01/2014-top-security-tools-as-voted-by-toolswatch-org-readers/},
	publisher="{Toolswatch.org}",
    urldate = {2015-05-16}
}

@MISC{GitHubIssue1,
	author="František Koláček",
	title="Relative links are not handled properly (due to base html tag)",
	howpublished={\tt https://github.com/Revok-scanner/revok/issues/39},
	note = {cit. 2015-05-16}
}

@MISC{GitHubIssue2,
	author="František Koláček",
	title="Problems with multiple events on single page",
	howpublished={\tt https://github.com/Revok-scanner/revok/issues/43},
	note = {cit. 2015-05-16}
}

@MISC{GitHubIssue3,
	author="František Koláček",
	title="Missing target entry point in path\_traversal module",
	howpublished={\tt https://github.com/Revok-scanner/revok/issues/44},
	note = {cit. 2015-05-16}
}

@MISC{OWASPIssue1,
	author="Isaac Dawson",
	title="LFI test cases throwing: java.lang.IllegalArgumentException: URI has an authority component",
	howpublished={\tt http://code.google.com/p/wavsep/issues/detail?id=8},
	note = {cit. 2015-05-16}
}

@MISC{OWASPIssue2,
	author="Tasos Laskos",
	title="LFI test case 37 \& similar test cases don't function under linux",
	howpublished={\tt http://code.google.com/p/wavsep/issues/detail?id=10},
	note = {cit. 2015-05-16}
}

@MISC{phantomJSissue,
	author="Mike Mired",
	title="Relative URLs in set content property not resolved properly",
	howpublished={\tt https://github.com/ariya/phantomjs/issues/10610},
	note = {cit. 2015-05-16}
}



@MISC{GitHubPullRequest1,
	author="František Koláček",
	title="Possible fix of bad base html tag handling",
	howpublished={\tt https://github.com/Revok-scanner/revok/pull/40},
	note = {cit. 2015-05-16}
}

@MISC{imgRevokComponents,
	author="Revok team",
	howpublished={\tt https://github.com/Revok-scanner/revok},
	note = {cit. 2015-05-16}
}

@mastersthesis{thesisApproaches,
	author="Abhishek Kumar Baranwal",
	title="Approaches to detect SQL injection and XSS in web applications",
	school="University of British Columbia",
	year="2012"
}

% end of confirmed

@manual{OWASPtestingGuide,
	title={OWASP Testing Guide v4},
	author={},
	year={2014},
	organization={OWASP Foundation},
	url={\tt https://www.owasp.org/images/5/52/OWASP_Testing_Guide_v4.pdf},
	note = {cit. 2015-05-16}
}