@Book{zaciname:zacatecnici,
publisher	= {Nakladatelství KONVOJ, spol. s.r.o.},
author		= {Jiří Rybička},
title		= {\LaTeX pro začátečníky},
isbn		= {80-7302-049-1},
year		= "2003",
}

@Book{zaciname:zacatecnici-en,
publisher	= "Addison-Wesley",
author		= "Kopka, Helmut and Daly, Patrick W.",
title		= "A Guide to LATEX",
isbn		= "0-321-17385-6",
year		= "2003",
}

@Article{zaciname:CSTUG,
author		= "CSTUG",
title		= "Československé sdružení uživatelů \TeX u",
note		= {[online]},
url			= {https://www.cstug.cz},
}

@MASTERSTHESIS{Zagorova:mutlimedialni-diskretni-matematika,
author		= "Pavla Zagorová",
title		= "Multimedialní diskrétní matematika",
school		= "Masarykova Univerzita",
year		= "2007",
type		= "Rigorózní práce",
}

@MASTERSTHESIS{Bojko:problematika-sazby-odborneho-textu,
author		= "Pavel Bojko",
title		= "Problematika sazby odborného textu v prostředí \LaTeX",
school		= "Jihočeská univerzita v Českých Budějovicích",
year		= "2011",
type		= "Bakalářská práce",
}

@Proceedings{zdroje:typografia,
publisher	= {Digirama s.r.o.},
title		= {Typografia},
issn		= {0322-9068},
year		= {1888-},
}

@Article{zdroje:rootcz,
author		= {Michal Švamberg},
journal		= {Jak na \LaTeX},
year		= {2001},
note		= {[online]},
url			= {http://www.root.cz/serialy/jak-na-latex/},
}

@Article{zdroje:abclinuxucz,
author		= {Petr Olšák},
journal		= {Seriál: \TeX},
year		= {2013},
note		= {[online]},
url			= {http://www.abclinuxu.cz/serialy/tex/},
}

@Article{zdroje:mistru,
author		= {Vlastislav Najbrt},
title		= {Stránky mistrů},
journal		= {Typografia},
year		= {2012},
pages		= {11,12},
}

@Article{zdroje:martinek,
author		= {David Martinek},
journal		= {\LaTeX ové speciality},
note		= {[online]},
url			= {http://www.fit.vutbr.cz/~martinek/latex/},
}


